=LDR  01905cas a2200541 i 4500
=001  019864968
=003  Uk
=005  20221231145512.0
=006  m\\\\\\\\d\\\\\\\\
=007  cr\|||||||||||
=008  200804c\\\\9999\\\\\\p\s\\\\\0\\\a0eng\\
=FMT  \\$a  SE
=022  \\$a2083-3318$y1644-9665
=040  \\$aUk$beng$cUk$erda
=045  \\$aArchives of Civil and Mechanical Engineering
=245  00$aArchives of Civil and Mechanical Engineering
=264  \1$a[Berlin]$bSpringer$c[2020]
=336  \\$atext$2rdacontent
=337  \\$acomputer$2rdamedia
=338  \\$aonline resource$2rdacarrier
=538  \\$aMode of access: World Wide Web.
=540  \\$aCurrent copyright fee: GBP29.95$c22\1$5Uk
=859  \\$aXLD$bejournal
=856  \\$31850-9999$uhttp://link.springer.com/$xBLDSS
=945  \\$aArchives of Civil and Mechanical Engineering
=959  \\$fHeld but not currently received
=979  \\$aBritish Library$bDSC$j1634.066000
=CAT  \\$a12654$b40$c20200804$lBLL01$h0759
=CAT  \\$a12654$b40$c20200804$lBLL01$h0825
=CAT  \\$a12654$b40$c20200804$lBLL01$h0826
=CAT  \\$a12654$b40$c20200804$lBLL01$h0954
=CAT  \\$aBATCH-UNOA$c20200804$lBLL01$h2120
=CAT  \\$a5552$b40$c20200811$lBLL01$h0834
=CAT  \\$a5552$b40$c20200811$lBLL01$h0908
=CAT  \\$aBLDSS-3PM$b00$c20200811$lBLL01$h1141
=CAT  \\$aBATCH-UPD$b00$c20200811$lBLL01$h1142
=CAT  \\$a5552$b40$c20200819$lBLL01$h0819
=CAT  \\$aCDS21$c20220118$lBLL01$h1106
=CAT  \\$aBATCH-UPD$b00$c20221121$lBLL01$h1407
=CAT  \\$aIPL-CLA$c20221231$lBLL01$h1455
=CFI  0\$aCurrent copyright fee: GBP29.95$c22\1$e01-jan-2023$fGBP29.95$g0$hP$5Uk
=CFI  2\$aPrevious copyright fee: GBP34.00$c22\1$e04-aug-2020$fGBP34.00$g0$hP$5Uk
=EST  \\$a1
=FFP  \\$aY$bBLDSS-3PM
=MNI  \\$a1644-9665
=TOC  \\$aETOC
=UNO  \\$aY
=LAS  \\$aIPL-CLA$b00$c20221231$lBLL01$h1455

