=LDR  01778cas a2200505 i 4500
=001  019870254
=003  Uk
=005  20221231145513.0
=006  m\\\\\\\\d\\\\\\\\
=007  cr\|||||||||||
=008  200805c\\\\9999\\\\\\p\s\\\\\0\\\a0eng\\
=FMT  \\$a  SE
=022  \\$a1981-528X
=040  \\$aUk$beng$cUk$erda
=245  00$aRevista Brasileira de Farmacognosia
=264  \1$a[Berlin]$bSpringer$c[2020]
=336  \\$atext$2rdacontent
=337  \\$acomputer$2rdamedia
=338  \\$aonline resource$2rdacarrier
=538  \\$aMode of access: World Wide Web.
=540  \\$aCurrent copyright fee: GBP34.95$c22\1$5Uk
=859  \\$aXLD$bejournal
=856  \\$31850-9999$uhttp://link.springer.com/$xBLDSS
=945  \\$aRevista Brasileira de Farmacognosia
=959  \\$fHeld but not currently received
=979  \\$aBritish Library$bDSC$j7844.755000
=CAT  \\$a12654$b40$c20200805$lBLL01$h0924
=CAT  \\$a12654$b40$c20200805$lBLL01$h0925
=CAT  \\$a5552$b40$c20200811$lBLL01$h1051
=CAT  \\$aBLDSS-3PM$b00$c20200811$lBLL01$h1141
=CAT  \\$aBATCH-UPD$b00$c20200811$lBLL01$h1143
=CAT  \\$aBATCH-UNOA$c20200811$lBLL01$h2120
=CAT  \\$a5552$b40$c20210824$lBLL01$h1346
=CAT  \\$aIPL-CLA$c20210930$lBLL01$h1529
=CAT  \\$aCDS21$c20220118$lBLL01$h1106
=CAT  \\$aBATCH-UPD$b00$c20221121$lBLL01$h1413
=CAT  \\$aIPL-CLA$c20221231$lBLL01$h1455
=CFI  0\$aCurrent copyright fee: GBP34.95$c22\1$e01-jan-2023$fGBP34.95$g0$hP$5Uk
=CFI  2\$aPrevious copyright fee: GBP43.00$c22\1$e01-oct-2021$fGBP43.00$g0$hP$5Uk
=EST  \\$a1
=FFP  \\$aY$bBLDSS-3PM
=TOC  \\$aETOC
=UNO  \\$aY
=ACF  \\$aPrevious copyright fee: GBP34.00$c22\1$e05-aug-2020$fGBP34.00$g0$hP$5Uk
=LAS  \\$aIPL-CLA$b00$c20221231$lBLL01$h1455

